<?xml version="1.0" encoding="UTF-8"?><collection xmlns="http://www.loc.gov/MARC21/slim"><record><leader>00330nam--2200121-i-4500</leader><controlfield tag="001">000026445</controlfield><controlfield tag="002">20161230</controlfield><controlfield tag="005">20161230201036</controlfield><controlfield tag="008">060222s1000------------r-----000-0-eng-d</controlfield><datafield ind1=" " ind2=" " tag="080"><subfield code="a">621.39</subfield></datafield><datafield ind1=" " ind2=" " tag="100"><subfield code="a">Kaufman, Bob</subfield></datafield><datafield ind1=" " ind2=" " tag="245"><subfield code="a">Cost-effective telecom munications management: turning telephone co.inc., 1983, xii + 288p</subfield></datafield><datafield ind1=" " ind2=" " tag="852"><subfield code="a">79403</subfield></datafield></record></collection>